Symbol,Date,Total Revenue,Diluted EPS
TTWO,2023-03-31,1446200000.0,-3.62
TTWO,2022-12-31,1407800000.0,-0.91
TTWO,2022-09-30,1393500000.0,-1.54
TTWO,2022-06-30,1102400000.0,-0.76
OMC,2023-06-30,3609900000.0,1.82
OMC,2023-03-31,3443300000.0,1.11
OMC,2022-12-31,3868200000.0,2.09
OMC,2022-09-30,3443400000.0,1.77
OMC,2022-06-30,3567200000.0,1.68
T,2023-06-30,29917000000.0,0.61
T,2023-03-31,30139000000.0,0.57
T,2022-12-31,31343000000.0,-3.2
T,2022-09-30,30043000000.0,0.8
T,2022-06-30,29643000000.0,0.56
META,2023-06-30,31999000000.0,2.98
META,2023-03-31,28645000000.0,2.2
META,2022-12-31,32165000000.0,1.76
META,2022-09-30,27714000000.0,1.64
META,2022-06-30,28822000000.0,2.46
TMUS,2023-06-30,19196000000.0,1.86
TMUS,2023-03-31,19632000000.0,1.58
TMUS,2022-12-31,20273000000.0,1.18
TMUS,2022-09-30,19477000000.0,0.4
TMUS,2022-06-30,19701000000.0,-0.09
NWS,2023-03-31,2447000000.0,0.09
NWS,2022-12-31,2521000000.0,0.12
NWS,2022-09-30,2478000000.0,0.07
NWS,2022-06-30,2674000000.0,0.19
IPG,2023-06-30,2666500000.0,0.68
IPG,2023-03-31,2521000000.0,0.33
IPG,2022-12-31,2985900000.0,0.76
IPG,2022-09-30,2637700000.0,0.64
IPG,2022-06-30,2735700000.0,0.58
CHTR,2023-03-31,13653000000.0,6.65
CHTR,2022-12-31,13674000000.0,7.69
CHTR,2022-09-30,13550000000.0,7.38
CHTR,2022-06-30,13598000000.0,8.8
GOOG,2023-06-30,74604000000.0,1.44
GOOG,2023-03-31,69787000000.0,1.17
GOOG,2022-12-31,76048000000.0,1.05
GOOG,2022-09-30,69092000000.0,1.06
GOOG,2022-06-30,69685000000.0,1.210001
PARA,2023-03-31,7265000000.0,-1.74
PARA,2022-12-31,8131000000.0,
PARA,2022-09-30,6916000000.0,0.33
PARA,2022-06-30,7779000000.0,0.62
DIS,2023-03-31,21815000000.0,0.69
DIS,2022-12-31,23512000000.0,0.7
DIS,2022-09-30,20150000000.0,0.09
DIS,2022-06-30,21504000000.0,0.77
EA,2023-03-31,1874000000.0,-0.04
EA,2022-12-31,1881000000.0,0.73
EA,2022-09-30,1904000000.0,1.07
EA,2022-06-30,1767000000.0,1.11
GOOGL,2023-06-30,74604000000.0,1.44
GOOGL,2023-03-31,69787000000.0,1.17
GOOGL,2022-12-31,76048000000.0,1.05
GOOGL,2022-09-30,69092000000.0,1.06
GOOGL,2022-06-30,69685000000.0,1.210001
NFLX,2023-06-30,8187301000.0,3.29
NFLX,2023-03-31,8161503000.0,2.88
NFLX,2022-12-31,7852053000.0,0.12
NFLX,2022-09-30,7925589000.0,3.1
NFLX,2022-06-30,7970141000.0,3.2
ATVI,2023-06-30,2207000000.0,0.74
ATVI,2023-03-31,2383000000.0,0.93
ATVI,2022-12-31,2334000000.0,0.51
ATVI,2022-09-30,1782000000.0,0.55
ATVI,2022-06-30,1644000000.0,0.36
NWSA,2023-03-31,2447000000.0,0.09
NWSA,2022-12-31,2521000000.0,0.12
NWSA,2022-09-30,2478000000.0,0.07
NWSA,2022-06-30,2674000000.0,0.19
WBD,2023-03-31,10700000000.0,-0.44
WBD,2022-12-31,11008000000.0,
WBD,2022-09-30,9823000000.0,-0.95
WBD,2022-06-30,9827000000.0,-1.5
VZ,2023-06-30,32596000000.0,1.1
VZ,2023-03-31,32912000000.0,1.17
VZ,2022-12-31,35251000000.0,1.56
VZ,2022-09-30,34241000000.0,1.17
VZ,2022-06-30,33789000000.0,1.24
FOX,2023-03-31,4084000000.0,-0.1
FOX,2022-12-31,4605000000.0,0.58
FOX,2022-09-30,3192000000.0,1.1
FOX,2022-06-30,3033000000.0,0.55
FOXA,2023-03-31,4084000000.0,-0.1
FOXA,2022-12-31,4605000000.0,0.58
FOXA,2022-09-30,3192000000.0,1.1
FOXA,2022-06-30,3033000000.0,0.55
MCD,2023-06-30,6497500000.0,3.15
MCD,2023-03-31,5897800000.0,2.45
MCD,2022-12-31,5926500000.0,2.59
MCD,2022-09-30,5872100000.0,2.68
MCD,2022-06-30,5718400000.0,1.6
APTV,2023-03-31,4818000000.0,0.54
APTV,2022-12-31,4640000000.0,0.86
APTV,2022-09-30,4614000000.0,1.05
APTV,2022-06-30,4057000000.0,-0.23
WYNN,2023-03-31,1423679000.0,-0.02
WYNN,2022-12-31,1004937000.0,0.29
WYNN,2022-09-30,889722000.0,-1.27
WYNN,2022-06-30,908832000.0,-1.14
MHK,2023-06-30,2950428000.0,1.58
MHK,2023-03-31,2806223000.0,1.26
MHK,2022-12-31,2650675000.0,0.52
MHK,2022-09-30,2917539000.0,-8.4
MHK,2022-06-30,3153188000.0,4.4
MGM,2023-03-31,3873296000.0,1.24
MGM,2022-12-31,3592216000.0,0.69
MGM,2022-09-30,3416072000.0,-1.45
MGM,2022-06-30,3264888000.0,4.2
TJX,2023-04-30,11783000000.0,0.76
TJX,2023-01-31,14520000000.0,0.89
TJX,2022-10-31,12166286000.0,0.91
TJX,2022-07-31,11843008000.0,0.69
TJX,2022-04-30,11406474000.0,0.49
NKE,2023-05-31,12825000000.0,
NKE,2023-02-28,12390000000.0,0.79
NKE,2022-11-30,13315000000.0,0.85
NKE,2022-08-31,12687000000.0,0.93
NKE,2022-05-31,12234000000.0,0.9
PHM,2023-06-30,4188753000.0,3.21
PHM,2023-03-31,3575641000.0,2.35
PHM,2022-12-31,5171378000.0,3.85
PHM,2022-09-30,3943816000.0,2.69
PHM,2022-06-30,3926186000.0,2.73
TSLA,2023-06-30,24927000000.0,0.78
TSLA,2023-03-31,23329000000.0,0.73
TSLA,2022-12-31,24318000000.0,1.07
TSLA,2022-09-30,21454000000.0,0.95
TSLA,2022-06-30,16934000000.0,0.65
GRMN,2023-03-31,1147424000.0,1.05
GRMN,2022-12-31,1306356000.0,1.53
GRMN,2022-09-30,1140434000.0,1.09
GRMN,2022-06-30,1240833000.0,1.33
CCL,2023-05-31,4911000000.0,-0.32
CCL,2023-02-28,4433000000.0,-0.55
CCL,2022-11-30,3839000000.0,-1.27
CCL,2022-08-31,4306000000.0,-0.65
CCL,2022-05-31,2401000000.0,-1.61
AZO,2023-05-31,4090541000.0,34.12
AZO,2023-04-30,4090541000.0,34.12
AZO,2023-02-28,3690982000.0,24.64
AZO,2022-11-30,3985067000.0,27.45
AZO,2022-08-31,5348355000.0,40.51
AZO,2022-05-31,3865222000.0,29.03
AZO,2022-04-30,3865222000.0,29.03
GPC,2023-06-30,5915006000.0,2.44
GPC,2023-03-31,5765118000.0,2.14
GPC,2022-12-31,5523650000.0,1.77
GPC,2022-09-30,5675274000.0,2.2
GPC,2022-06-30,5602414000.0,2.62
VFC,2023-03-31,2739613000.0,-0.55
VFC,2022-12-31,3530667000.0,1.31
VFC,2022-09-30,3080600000.0,-0.31
VFC,2022-06-30,2261595000.0,-0.14
POOL,2023-06-30,1857363000.0,5.91
POOL,2023-03-31,1206774000.0,2.58
POOL,2022-12-31,1095920000.0,1.82
POOL,2022-09-30,1615339000.0,4.78
POOL,2022-06-30,2055818000.0,7.63
ROST,2023-04-30,4494686000.0,1.09
ROST,2023-01-31,5214231000.0,1.31
ROST,2022-10-31,4565489000.0,1.0
ROST,2022-07-31,4583009000.0,1.11
ROST,2022-04-30,4333100000.0,0.97
HD,2023-04-30,37257000000.0,3.82
HD,2023-01-31,35831000000.0,3.3
HD,2022-10-31,38872000000.0,4.24
HD,2022-07-31,43792000000.0,5.05
HD,2022-04-30,38908000000.0,4.09
RCL,2023-06-30,3522982000.0,1.7
RCL,2023-03-31,2885146000.0,-0.19
RCL,2022-12-31,2603992000.0,-1.96
RCL,2022-09-30,2993075000.0,0.13
RCL,2022-06-30,2184242000.0,-2.05
RL,2023-03-31,1540800000.0,0.48
RL,2022-12-31,1832300000.0,3.2
RL,2022-09-30,1579900000.0,2.18
RL,2022-06-30,1490600000.0,1.73
NCLH,2023-03-31,1821939000.0,-0.38
NCLH,2022-12-31,1519129000.0,-1.14
NCLH,2022-09-30,1615510000.0,-0.7
NCLH,2022-06-30,1187181000.0,-1.22
PM,2023-06-30,8967000000.0,1.01
PM,2023-03-31,8019000000.0,1.28
PM,2022-12-31,8152000000.0,1.54
PM,2022-09-30,8032000000.0,1.34
PM,2022-06-30,7832000000.0,1.43
BG,2023-03-31,15328000000.0,4.15
BG,2022-12-31,16660000000.0,2.21
BG,2022-09-30,16759000000.0,2.49
BG,2022-06-30,17933000000.0,1.34
KR,2023-04-30,45165000000.0,1.32
KR,2023-01-31,34823000000.0,0.62
KR,2022-10-31,34198000000.0,0.55
KR,2022-07-31,34638000000.0,1.0
KR,2022-04-30,44600000000.0,0.9
TAP,2023-03-31,2346300000.0,0.33
TAP,2022-12-31,2629500000.0,-2.73
TAP,2022-09-30,2935200000.0,0.99
TAP,2022-06-30,2921700000.0,0.22
MNST,2023-03-31,1698930000.0,0.38
MNST,2022-12-31,1512930000.0,0.285
MNST,2022-09-30,1624286000.0,0.3
MNST,2022-06-30,1655260000.0,0.255
KHC,2023-03-31,6489000000.0,0.68
KHC,2022-12-31,7381000000.0,0.72
KHC,2022-09-30,6505000000.0,0.35
KHC,2022-06-30,6554000000.0,0.21
WBA,2023-05-31,35415000000.0,0.14
WBA,2023-02-28,34862000000.0,0.81
WBA,2022-11-30,33382000000.0,-4.31
WBA,2022-08-31,32449000000.0,-0.48
WBA,2022-05-31,32597000000.0,0.33
KDP,2023-06-30,3789000000.0,0.36
KDP,2023-03-31,3353000000.0,0.33
KDP,2022-12-31,3803000000.0,0.32
KDP,2022-09-30,3622000000.0,0.13
KDP,2022-06-30,3554000000.0,0.15
MKC,2023-05-31,1659200000.0,0.56
MKC,2023-02-28,1565500000.0,0.52
MKC,2022-11-30,1695700000.0,
MKC,2022-08-31,1595600000.0,0.82
MKC,2022-05-31,1536800000.0,0.44
PG,2023-03-31,20068000000.0,1.37
PG,2022-12-31,20773000000.0,1.59
PG,2022-09-30,20612000000.0,1.57
PG,2022-06-30,19515000000.0,1.21
HRL,2023-04-30,2977639000.0,0.4
HRL,2023-01-31,2970992000.0,0.4
HRL,2022-10-31,3283475000.0,0.51
HRL,2022-07-31,3034414000.0,0.4
HRL,2022-04-30,3096559000.0,0.48
PEP,2023-06-30,22322000000.0,1.99
PEP,2023-03-31,17846000000.0,1.4
PEP,2022-12-31,27996000000.0,0.37
PEP,2022-09-30,21971000000.0,1.95
PEP,2022-06-30,20225000000.0,1.03
TSN,2023-03-31,13133000000.0,-0.28
TSN,2022-12-31,13260000000.0,0.88
TSN,2022-09-30,13737000000.0,1.5
TSN,2022-06-30,13495000000.0,2.07
SJM,2023-04-30,2234800000.0,-5.69
SJM,2023-01-31,2216300000.0,1.95
SJM,2022-10-31,2205100000.0,1.79
SJM,2022-07-31,1873000000.0,1.03
SJM,2022-04-30,2033800000.0,1.87
MDLZ,2023-06-30,8507000000.0,0.69
MDLZ,2023-03-31,9166000000.0,1.52
MDLZ,2022-12-31,8695000000.0,0.42
MDLZ,2022-09-30,7763000000.0,0.39
MDLZ,2022-06-30,7274000000.0,0.54
CPB,2023-04-30,2229000000.0,0.53
CPB,2023-01-31,2485000000.0,0.77
CPB,2022-10-31,2575000000.0,0.99
CPB,2022-07-31,1987000000.0,0.32
CPB,2022-04-30,2130000000.0,0.62
EL,2023-03-31,3751000000.0,0.43
EL,2022-12-31,4620000000.0,1.09
EL,2022-09-30,3930000000.0,1.35
EL,2022-06-30,3561000000.0,0.14
STZ,2023-05-31,2514900000.0,0.74
STZ,2023-02-28,1997800000.0,1.21
STZ,2022-11-30,2436500000.0,2.52
STZ,2022-08-31,2655100000.0,-6.3
STZ,2022-05-31,2363200000.0,2.06
TGT,2023-04-30,25322000000.0,2.05
TGT,2023-01-31,31395000000.0,1.89
TGT,2022-10-31,26518000000.0,1.54
TGT,2022-07-31,26037000000.0,0.39
TGT,2022-04-30,25170000000.0,2.16
TRGP,2023-03-31,4520500000.0,0.03
TRGP,2022-12-31,4554800000.0,
TRGP,2022-09-30,5360100000.0,0.84
TRGP,2022-06-30,6055800000.0,1.61
PSX,2023-03-31,34396000000.0,4.2
PSX,2022-12-31,40279000000.0,3.97
PSX,2022-09-30,44955000000.0,11.16
PSX,2022-06-30,48577000000.0,6.53
COP,2023-03-31,14811000000.0,2.38
COP,2022-12-31,18558000000.0,2.61
COP,2022-09-30,21013000000.0,3.55
COP,2022-06-30,21161000000.0,3.96
MRO,2023-03-31,1567000000.0,0.66
MRO,2022-12-31,1603000000.0,0.82
MRO,2022-09-30,2008000000.0,1.22
MRO,2022-06-30,2168000000.0,1.37
SLB,2023-06-30,8099000000.0,0.72
SLB,2023-03-31,7736000000.0,0.65
SLB,2022-12-31,7879000000.0,0.74
SLB,2022-09-30,7477000000.0,0.63
SLB,2022-06-30,6773000000.0,0.67
OKE,2023-03-31,4521000000.0,2.34
OKE,2022-12-31,5032031000.0,
OKE,2022-09-30,5913531000.0,0.96
OKE,2022-06-30,5996721000.0,0.92
HAL,2023-06-30,5798000000.0,0.68
HAL,2023-03-31,5677000000.0,0.72
HAL,2022-12-31,5582000000.0,0.72
HAL,2022-09-30,5357000000.0,0.6
HAL,2022-06-30,5074000000.0,0.12
CTRA,2023-03-31,1777000000.0,0.88
CTRA,2022-12-31,2280000000.0,1.32
CTRA,2022-09-30,2520000000.0,1.5
CTRA,2022-06-30,2572000000.0,1.52
CVX,2023-03-31,48842000000.0,3.46
CVX,2022-12-31,54523000000.0,3.33
CVX,2022-09-30,63508000000.0,5.78
CVX,2022-06-30,65372000000.0,5.95
PXD,2023-03-31,4597000000.0,5.0
PXD,2022-12-31,5174000000.0,5.98
PXD,2022-09-30,6057000000.0,7.93
PXD,2022-06-30,7005000000.0,9.3
FANG,2023-03-31,1925000000.0,3.88
FANG,2022-12-31,2030000000.0,5.62
FANG,2022-09-30,2437000000.0,6.72
FANG,2022-06-30,2768000000.0,7.93
EOG,2023-03-31,5579000000.0,3.45
EOG,2022-12-31,6494000000.0,3.87
EOG,2022-09-30,7598000000.0,4.86
EOG,2022-06-30,8645000000.0,3.81
BKR,2023-06-30,6315000000.0,0.4
BKR,2023-03-31,5716000000.0,0.57
BKR,2022-12-31,5905000000.0,0.18
BKR,2022-09-30,5369000000.0,-0.02
BKR,2022-06-30,5047000000.0,-0.84
MPC,2023-03-31,34864000000.0,6.09
MPC,2022-12-31,39813000000.0,7.09
MPC,2022-09-30,45787000000.0,9.06
MPC,2022-06-30,53795000000.0,10.95
APA,2023-03-31,2008000000.0,0.78
APA,2022-12-31,2472000000.0,1.38
APA,2022-09-30,2887000000.0,1.28
APA,2022-06-30,3047000000.0,2.71
OXY,2023-03-31,7225000000.0,1.0
OXY,2022-12-31,8219000000.0,1.74
OXY,2022-09-30,9390000000.0,2.52
OXY,2022-06-30,10676000000.0,3.47
WMB,2023-03-31,3081000000.0,0.76
WMB,2022-12-31,2930000000.0,
WMB,2022-09-30,3021000000.0,0.49
WMB,2022-06-30,2490000000.0,0.33
VLO,2023-06-30,34509000000.0,5.4
VLO,2023-03-31,36439000000.0,8.29
VLO,2022-12-31,41746000000.0,8.15
VLO,2022-09-30,44454000000.0,7.19
VLO,2022-06-30,51641000000.0,11.57
XOM,2023-03-31,83644000000.0,2.79
XOM,2022-12-31,93164000000.0,3.09
XOM,2022-09-30,106512000000.0,4.68
XOM,2022-06-30,111265000000.0,4.21
EQT,2023-06-30,854365000.0,-0.18
EQT,2023-03-31,1836219000.0,3.1
EQT,2022-12-31,2572732000.0,4.28
EQT,2022-09-30,3696759000.0,1.69
EQT,2022-06-30,3372603000.0,2.19
CINF,2023-06-30,2605000000.0,3.38
CINF,2023-03-31,2241000000.0,1.42
CINF,2022-12-31,3114000000.0,6.4
CINF,2022-09-30,1408000000.0,-2.64
CINF,2022-06-30,820000000.0,-5.12
PNC,2023-06-30,5327000000.0,3.36
PNC,2023-03-31,5575000000.0,3.98
PNC,2022-12-31,5747000000.0,3.47
PNC,2022-09-30,5550000000.0,3.78
PNC,2022-06-30,5112000000.0,3.39
WRB,2023-06-30,2984688000.0,1.3
WRB,2023-03-31,2885509000.0,1.06
WRB,2022-12-31,2979672000.0,1.37
WRB,2022-09-30,2765465000.0,0.82
WRB,2022-06-30,2552714000.0,0.64
V,2023-06-30,8123000000.0,2.0
V,2023-03-31,7985000000.0,2.03
V,2022-12-31,7936000000.0,1.99
V,2022-09-30,7787000000.0,1.86
V,2022-06-30,7275000000.0,1.6
NTRS,2023-06-30,1757100000.0,1.56
NTRS,2023-03-31,1744600000.0,1.51
NTRS,2022-12-31,1519000000.0,0.71
NTRS,2022-09-30,1754800000.0,1.8
NTRS,2022-06-30,1768700000.0,1.86
FDS,2023-05-31,529811000.0,3.46
FDS,2023-02-28,515085000.0,3.38
FDS,2022-11-30,504815000.0,3.52
FDS,2022-08-31,499297000.0,2.69
FDS,2022-05-31,488751000.0,1.93
JKHY,2023-03-31,508552000.0,1.12
JKHY,2022-12-31,505314000.0,1.1
JKHY,2022-09-30,529202000.0,1.46
JKHY,2022-06-30,482672000.0,1.1
PYPL,2023-03-31,7040000000.0,0.7
PYPL,2022-12-31,7383000000.0,
PYPL,2022-09-30,6846000000.0,1.15
PYPL,2022-06-30,6806000000.0,-0.29
GPN,2023-03-31,2292447000.0,-0.04
GPN,2022-12-31,2252984000.0,0.94
GPN,2022-09-30,2285371000.0,1.05
GPN,2022-06-30,2280906000.0,-2.42
RJF,2023-06-30,2867000000.0,1.71
RJF,2023-03-31,2837000000.0,1.93
RJF,2022-12-31,2752000000.0,2.3
RJF,2022-09-30,2795000000.0,1.98
RJF,2022-06-30,2680000000.0,1.38
JPM,2023-06-30,41307000000.0,4.75
JPM,2023-03-31,38349000000.0,4.1
JPM,2022-12-31,34547000000.0,3.57
JPM,2022-09-30,32716000000.0,3.12
JPM,2022-06-30,30715000000.0,2.76
BEN,2023-03-31,1927200000.0,0.38
BEN,2022-12-31,1967100000.0,0.32
BEN,2022-09-30,1939000000.0,0.46
BEN,2022-06-30,2031300000.0,0.5
AXP,2023-06-30,15054000000.0,2.89
AXP,2023-03-31,14281000000.0,2.4
AXP,2022-12-31,14176000000.0,2.07
AXP,2022-09-30,13556000000.0,2.47
AXP,2022-06-30,13395000000.0,2.57
MCO,2023-06-30,1494000000.0,2.05
MCO,2023-03-31,1470000000.0,2.72
MCO,2022-12-31,1290000000.0,1.34
MCO,2022-09-30,1275000000.0,1.65
MCO,2022-06-30,1381000000.0,1.77
HIG,2023-06-30,6017000000.0,1.73
HIG,2023-03-31,5884000000.0,1.66
HIG,2022-12-31,6016000000.0,1.81
HIG,2022-09-30,5518000000.0,1.02
HIG,2022-06-30,5373000000.0,1.32
IVZ,2023-06-30,1442800000.0,0.29
IVZ,2023-03-31,1418200000.0,0.32
IVZ,2022-12-31,1443400000.0,0.41
IVZ,2022-09-30,1445700000.0,0.39
IVZ,2022-06-30,1530400000.0,0.26
COF,2023-06-30,9012000000.0,3.52
COF,2023-03-31,8903000000.0,2.31
COF,2022-12-31,9040000000.0,3.03
COF,2022-09-30,8805000000.0,4.2
COF,2022-06-30,8232000000.0,4.96
PFG,2023-06-30,,
PFG,2023-03-31,2819000000.0,-0.58
PFG,2022-12-31,3122000000.0,
PFG,2022-09-30,4600900000.0,5.5
PFG,2022-06-30,6658700000.0,11.94
GS,2023-06-30,10895000000.0,3.08
GS,2023-03-31,12224000000.0,8.79
GS,2022-12-31,10593000000.0,3.32
GS,2022-09-30,11975000000.0,8.25
GS,2022-06-30,11864000000.0,7.73
TFC,2023-06-30,5918000000.0,0.92
TFC,2023-03-31,6102000000.0,1.05
TFC,2022-12-31,6208000000.0,1.2
TFC,2022-09-30,5847000000.0,1.15
TFC,2022-06-30,5655000000.0,1.09
RMD,2023-03-31,1116898000.0,1.58
RMD,2022-12-31,1033744000.0,1.53
RMD,2022-09-30,950294000.0,1.43
RMD,2022-06-30,914737000.0,1.33
TFX,2023-03-31,710932000.0,1.62
TFX,2022-12-31,757996000.0,1.66
TFX,2022-09-30,686788000.0,2.16
TFX,2022-06-30,704542000.0,2.23
MOH,2023-06-30,8327000000.0,5.300172
MOH,2023-03-31,8149000000.0,5.52
MOH,2022-12-31,8223000000.0,0.96
MOH,2022-09-30,7927000000.0,3.95
MOH,2022-06-30,8054000000.0,4.25
A,2023-04-30,1717000000.0,1.02
A,2023-01-31,1756000000.0,1.19
A,2022-10-31,1849000000.0,1.23
A,2022-07-31,1718000000.0,1.1
A,2022-04-30,1607000000.0,0.91
STE,2023-03-31,1384837000.0,1.88
STE,2022-12-31,1215994000.0,1.24
STE,2022-09-30,1200517000.0,-3.15
STE,2022-06-30,1156491000.0,1.1
DVA,2023-03-31,2872699000.0,1.25
DVA,2022-12-31,2916888000.0,0.74
DVA,2022-09-30,2948694000.0,1.13
DVA,2022-06-30,2926757000.0,2.3
LLY,2023-03-31,6960000000.0,1.416777
LLY,2022-12-31,7301800000.0,2.039294
LLY,2022-09-30,6941600000.0,1.61
LLY,2022-06-30,6488000000.0,1.05
MTD,2023-06-30,982117000.0,9.69
MTD,2023-03-31,928738000.0,8.47
MTD,2022-12-31,1057685000.0,11.86
MTD,2022-09-30,985846000.0,9.76
MTD,2022-06-30,978387000.0,9.29
LH,2023-06-30,3033700000.0,2.12
LH,2023-03-31,3777900000.0,2.39
LH,2022-12-31,3674200000.0,0.86
LH,2022-09-30,3606100000.0,3.9
LH,2022-06-30,3696900000.0,3.87
PODD,2023-03-31,358100000.0,0.34
PODD,2022-12-31,369700000.0,0.24
PODD,2022-09-30,340800000.0,-0.08
PODD,2022-06-30,299400000.0,-0.5
JNJ,2023-06-30,25530000000.0,1.96
JNJ,2023-03-31,24746000000.0,-0.03
JNJ,2022-12-31,23706000000.0,1.33
JNJ,2022-09-30,23791000000.0,1.68
JNJ,2022-06-30,24020000000.0,1.8
ZBH,2023-03-31,1831000000.0,1.11
ZBH,2022-12-31,1825100000.0,-0.62
ZBH,2022-09-30,1669800000.0,0.92
ZBH,2022-06-30,1781800000.0,0.73
INCY,2023-03-31,808673000.0,0.1
INCY,2022-12-31,926700000.0,0.13
INCY,2022-09-30,823303000.0,0.5
INCY,2022-06-30,911397000.0,0.72
UHS,2023-06-30,3548138000.0,2.42
UHS,2023-03-31,3467518000.0,2.28
UHS,2022-12-31,3446980000.0,2.43
UHS,2022-09-30,3336027000.0,2.5
UHS,2022-06-30,3323407000.0,2.2
REGN,2023-03-31,3162100000.0,7.17
REGN,2022-12-31,3414400000.0,10.5
REGN,2022-09-30,2936200000.0,11.66
REGN,2022-06-30,2857200000.0,7.47
ALGN,2023-06-30,1002173000.0,1.46
ALGN,2023-03-31,943147000.0,1.14
ALGN,2022-12-31,901515000.0,0.54
ALGN,2022-09-30,890348000.0,0.93
ALGN,2022-06-30,969553000.0,1.44
HOLX,2023-03-31,1026500000.0,0.87
HOLX,2022-12-31,1074200000.0,0.75
HOLX,2022-09-30,953300000.0,0.47
HOLX,2022-06-30,1002700000.0,0.9
EW,2023-06-30,1530200000.0,0.5
EW,2023-03-31,1459600000.0,0.56
EW,2022-12-31,1348300000.0,0.65
EW,2022-09-30,1319000000.0,0.55
EW,2022-06-30,1373900000.0,0.65
DAL,2023-06-30,15578000000.0,2.84
DAL,2023-03-31,12759000000.0,-0.57
DAL,2022-12-31,13435000000.0,1.29
DAL,2022-09-30,13975000000.0,1.08
DAL,2022-06-30,13824000000.0,1.15
RSG,2023-03-31,3581100000.0,1.21
RSG,2022-12-31,3529700000.0,1.09
RSG,2022-09-30,3597800000.0,1.32
RSG,2022-06-30,3413700000.0,1.17
CHRW,2023-03-31,4611670000.0,0.96
CHRW,2022-12-31,5066821000.0,0.8
CHRW,2022-09-30,6015376000.0,1.78
CHRW,2022-06-30,6798475000.0,2.67
WAB,2023-06-30,2407000000.0,1.06
WAB,2023-03-31,2194000000.0,0.93
WAB,2022-12-31,2306000000.0,
WAB,2022-09-30,2081000000.0,0.88
WAB,2022-06-30,2048000000.0,0.91
RTX,2023-06-30,18315000000.0,0.9
RTX,2023-03-31,17214000000.0,0.97
RTX,2022-12-31,18093000000.0,0.96
RTX,2022-09-30,16951000000.0,0.94
RTX,2022-06-30,16314000000.0,0.88
FDX,2023-05-31,21930000000.0,6.05
FDX,2023-02-28,22169000000.0,3.05
FDX,2022-11-30,22814000000.0,3.07
FDX,2022-08-31,23242000000.0,3.33
FDX,2022-05-31,24394000000.0,2.13
LHX,2023-06-30,4693000000.0,1.83
LHX,2023-03-31,4471000000.0,1.76
LHX,2022-12-31,4578000000.0,
LHX,2022-09-30,4246000000.0,-1.56
LHX,2022-06-30,4135000000.0,2.42
HII,2023-03-31,2674000000.0,3.23
HII,2022-12-31,2812000000.0,3.07
HII,2022-09-30,2626000000.0,3.44
HII,2022-06-30,2662000000.0,4.44
IEX,2023-06-30,846200000.0,1.82
IEX,2023-03-31,845400000.0,1.84
IEX,2022-12-31,810700000.0,1.71
IEX,2022-09-30,824000000.0,2.36
IEX,2022-06-30,796100000.0,1.81
LUV,2023-06-30,7037000000.0,1.08
LUV,2023-03-31,5706000000.0,-0.27
LUV,2022-12-31,6172000000.0,-0.37
LUV,2022-09-30,6220000000.0,0.44
LUV,2022-06-30,6728000000.0,1.2
NDSN,2023-04-30,650165000.0,2.21
NDSN,2023-01-31,610477000.0,1.81
NDSN,2022-10-31,683581000.0,2.44
NDSN,2022-07-31,662128000.0,2.45
NDSN,2022-04-30,635403000.0,1.88
ODFL,2023-06-30,1413189000.0,2.65
ODFL,2023-03-31,1442136000.0,2.58
ODFL,2022-12-31,1491659000.0,2.92
ODFL,2022-09-30,1603690000.0,3.36
ODFL,2022-06-30,1667448000.0,3.3
ADP,2023-06-30,4242100000.0,1.87
ADP,2023-03-31,4678400000.0,2.51
ADP,2022-12-31,4203800000.0,1.95
ADP,2022-09-30,4074600000.0,1.87
ADP,2022-06-30,4000800000.0,1.5
PWR,2023-03-31,4428826000.0,0.64
PWR,2022-12-31,4416618000.0,1.1
PWR,2022-09-30,4459757000.0,1.06
PWR,2022-06-30,4232003000.0,0.59
FTV,2023-06-30,1526400000.0,0.59
FTV,2023-03-31,1460700000.0,0.49
FTV,2022-12-31,1529900000.0,0.64
FTV,2022-09-30,1456000000.0,0.53
FTV,2022-06-30,1463300000.0,0.48
JCI,2023-03-31,6686000000.0,0.19
JCI,2022-12-31,6068000000.0,0.17
JCI,2022-09-30,6725000000.0,1.1
JCI,2022-06-30,6614000000.0,0.55
CSGP,2023-06-30,605906000.0,0.25
CSGP,2023-03-31,584366000.0,0.21
CSGP,2022-12-31,573345000.0,0.31
CSGP,2022-09-30,556921000.0,0.18
CSGP,2022-06-30,536308000.0,0.21
MAS,2023-06-30,2127000000.0,1.16
MAS,2023-03-31,1979000000.0,0.9
MAS,2022-12-31,1923000000.0,0.51
MAS,2022-09-30,2204000000.0,0.97
MAS,2022-06-30,2352000000.0,1.18
ITW,2023-03-31,4019000000.0,2.33
ITW,2022-12-31,3971000000.0,2.95
ITW,2022-09-30,4011000000.0,2.35
ITW,2022-06-30,4011000000.0,2.37
URI,2023-06-30,3554000000.0,8.58
URI,2023-03-31,3285000000.0,6.47
URI,2022-12-31,3296000000.0,9.15
URI,2022-09-30,3051000000.0,8.66
URI,2022-06-30,2771000000.0,6.9
TRMB,2023-03-31,915400000.0,0.52
TRMB,2022-12-31,856500000.0,0.34
TRMB,2022-09-30,884900000.0,0.34
TRMB,2022-06-30,941200000.0,0.67
HPE,2023-04-30,6973000000.0,0.32
HPE,2023-01-31,7809000000.0,0.38
HPE,2022-10-31,7871000000.0,-0.23
HPE,2022-07-31,6951000000.0,0.31
HPE,2022-04-30,6713000000.0,0.19
STX,2023-06-30,1602000000.0,-0.44
STX,2023-03-31,1860000000.0,-2.09
STX,2022-12-31,1887000000.0,-0.16
STX,2022-09-30,2035000000.0,0.14
STX,2022-06-30,2628000000.0,1.27
FFIV,2023-06-30,702642000.0,1.48
FFIV,2023-03-31,703175000.0,1.34
FFIV,2022-12-31,700378000.0,1.2
FFIV,2022-09-30,700033000.0,1.49
FFIV,2022-06-30,674488000.0,1.37
GEN,2023-03-31,947000000.0,1.42
GEN,2022-12-31,936000000.0,0.25
GEN,2022-09-30,748000000.0,0.12
GEN,2022-06-30,707000000.0,0.33
LRCX,2023-06-30,3207257000.0,5.97
LRCX,2023-03-31,3869569000.0,6.01
LRCX,2022-12-31,5277569000.0,10.77
LRCX,2022-09-30,5074121000.0,10.39
LRCX,2022-06-30,4635554000.0,8.74
AKAM,2023-03-31,915698000.0,0.62
AKAM,2022-12-31,927779000.0,0.82
AKAM,2022-09-30,881896000.0,0.68
AKAM,2022-06-30,903332000.0,0.74
NXPI,2023-06-30,3299000000.0,2.67
NXPI,2023-03-31,3121000000.0,2.35
NXPI,2022-12-31,3312000000.0,2.76
NXPI,2022-09-30,3445000000.0,2.79
NXPI,2022-06-30,3312000000.0,2.53
QRVO,2023-03-31,632703000.0,-1.39
QRVO,2022-12-31,743281000.0,-0.16
QRVO,2022-09-30,1158057000.0,1.82
QRVO,2022-06-30,1035358000.0,0.65
INTU,2023-04-30,6018000000.0,7.38
INTU,2023-01-31,3041000000.0,0.6
INTU,2022-10-31,2597000000.0,0.14
INTU,2022-07-31,2414000000.0,-0.2
INTU,2022-04-30,5632000000.0,6.28
TDY,2023-06-30,1424700000.0,3.87
TDY,2023-03-31,1383300000.0,3.73
TDY,2022-12-31,1418200000.0,4.74
TDY,2022-09-30,1363600000.0,3.74
TDY,2022-06-30,1355800000.0,3.59
MSI,2023-03-31,2171000000.0,1.61
MSI,2022-12-31,2706000000.0,3.43
MSI,2022-09-30,2373000000.0,1.63
MSI,2022-06-30,2140000000.0,1.33
SNPS,2023-04-30,1394863000.0,1.76
SNPS,2023-01-31,1361340000.0,1.75
SNPS,2022-10-31,1284292000.0,0.99
SNPS,2022-07-31,1247766000.0,1.43
SNPS,2022-04-30,1279229000.0,1.89
PAYC,2023-03-31,451637000.0,2.06
PAYC,2022-12-31,370608000.0,1.38
PAYC,2022-09-30,334167000.0,0.9
PAYC,2022-06-30,316924000.0,0.99
MSFT,2023-06-30,56189000000.0,2.69
MSFT,2023-03-31,52857000000.0,2.45
MSFT,2022-12-31,52747000000.0,2.2
MSFT,2022-09-30,50122000000.0,2.35
MSFT,2022-06-30,51865000000.0,2.23
KEYS,2023-04-30,1390000000.0,1.58
KEYS,2023-01-31,1381000000.0,1.45
KEYS,2022-10-31,1443000000.0,1.66
KEYS,2022-07-31,1376000000.0,1.87
KEYS,2022-04-30,1351000000.0,1.41
PANW,2023-04-30,1720900000.0,0.31
PANW,2023-01-31,1655100000.0,0.25
PANW,2022-10-31,1563400000.0,0.06
PANW,2022-07-31,1550500000.0,0.01
PANW,2022-04-30,1386700000.0,-0.25
PTC,2023-06-30,542342000.0,0.51
PTC,2023-03-31,542181000.0,0.53
PTC,2022-12-31,465910000.0,0.63
PTC,2022-09-30,507925000.0,0.9
PTC,2022-06-30,462474000.0,0.6
ON,2023-03-31,1959700000.0,1.03
ON,2022-12-31,2103600000.0,1.35
ON,2022-09-30,2192600000.0,0.7
ON,2022-06-30,2085000000.0,1.02
NOW,2023-06-30,2150000000.0,5.08
NOW,2023-03-31,2096000000.0,0.73
NOW,2022-12-31,1940000000.0,0.74
NOW,2022-09-30,1831000000.0,0.39
NOW,2022-06-30,1752000000.0,0.1
IFF,2023-03-31,3027000000.0,-0.04
IFF,2022-12-31,2844000000.0,0.01
IFF,2022-09-30,3063000000.0,-8.6
IFF,2022-06-30,3307000000.0,0.43
NUE,2023-06-30,9523256000.0,5.81
NUE,2023-03-31,8709980000.0,4.45
NUE,2022-12-31,8723956000.0,4.89
NUE,2022-09-30,10500755000.0,6.5
NUE,2022-06-30,11794474000.0,9.67
MLM,2023-06-30,1820800000.0,5.61
MLM,2023-03-31,1354100000.0,1.951768
MLM,2022-12-31,1476500000.0,2.95
MLM,2022-09-30,1811700000.0,4.73
MLM,2022-06-30,1641700000.0,5.86
NEM,2023-06-30,2683000000.0,0.19
NEM,2023-03-31,2679000000.0,0.44
NEM,2022-12-31,3200000000.0,-1.86
NEM,2022-09-30,2634000000.0,0.27
NEM,2022-06-30,3058000000.0,0.49
SHW,2023-06-30,6240600000.0,3.07
SHW,2023-03-31,5442400000.0,1.84
SHW,2022-12-31,5230500000.0,1.48
SHW,2022-09-30,6047400000.0,2.62
SHW,2022-06-30,5872300000.0,2.21
MOS,2023-03-31,3604300000.0,1.28
MOS,2022-12-31,4481300000.0,1.52
MOS,2022-09-30,5348500000.0,2.42
MOS,2022-06-30,5373100000.0,2.85
AVY,2023-06-30,2090500000.0,1.24
AVY,2023-03-31,2065000000.0,1.49
AVY,2022-12-31,2025900000.0,1.51
AVY,2022-09-30,2317100000.0,2.7
AVY,2022-06-30,2347000000.0,2.61
EMN,2023-06-30,2324000000.0,2.27
EMN,2023-03-31,2412000000.0,1.12
EMN,2022-12-31,2373000000.0,0.01
EMN,2022-09-30,2709000000.0,2.46
EMN,2022-06-30,2784000000.0,2.03
PPG,2023-06-30,4872000000.0,2.06
PPG,2023-03-31,4380000000.0,1.11
PPG,2022-12-31,4185000000.0,1.01
PPG,2022-09-30,4468000000.0,1.39
PPG,2022-06-30,4691000000.0,1.85
PKG,2023-06-30,1952100000.0,2.24
PKG,2023-03-31,1976300000.0,2.11
PKG,2022-12-31,1978400000.0,2.31
PKG,2022-09-30,2125900000.0,2.8
PKG,2022-06-30,2237300000.0,3.2
BALL,2023-03-31,3489000000.0,0.56
BALL,2022-12-31,3548000000.0,0.17
BALL,2022-09-30,3951000000.0,1.24
BALL,2022-06-30,4134000000.0,-0.55
AMCR,2023-03-31,3667000000.0,0.119
AMCR,2022-12-31,3642000000.0,0.307
AMCR,2022-09-30,3712000000.0,0.155
AMCR,2022-06-30,3909000000.0,0.073
SEE,2023-03-31,1348800000.0,0.43
SEE,2022-12-31,1405900000.0,0.65
SEE,2022-09-30,1400400000.0,0.92
SEE,2022-06-30,1418000000.0,0.77
CF,2023-03-31,2012000000.0,2.85
CF,2022-12-31,2608000000.0,4.35
CF,2022-09-30,2321000000.0,2.18
CF,2022-06-30,3389000000.0,5.58
LYB,2023-03-31,10247000000.0,1.44
LYB,2022-12-31,10206000000.0,
LYB,2022-09-30,12250000000.0,1.75
LYB,2022-06-30,14838000000.0,4.98
FCX,2023-06-30,5737000000.0,0.23
FCX,2023-03-31,5389000000.0,0.46
FCX,2022-12-31,5758000000.0,0.48
FCX,2022-09-30,5003000000.0,0.28
FCX,2022-06-30,5416000000.0,0.57
CTVA,2023-03-31,4884000000.0,0.83
CTVA,2022-12-31,3825000000.0,-0.08
CTVA,2022-09-30,2777000000.0,-0.46
CTVA,2022-06-30,6252000000.0,1.33
STLD,2023-06-30,5081630000.0,4.81
STLD,2023-03-31,4893206000.0,3.7
STLD,2022-12-31,4826287000.0,3.61
STLD,2022-09-30,5651707000.0,5.03
STLD,2022-06-30,6212878000.0,6.44
ALB,2023-03-31,2580252000.0,10.51
ALB,2022-12-31,2620978000.0,9.6
ALB,2022-09-30,2091805000.0,7.61
ALB,2022-06-30,1479593000.0,3.46
LIN,2023-06-30,8204000000.0,3.19
LIN,2023-03-31,8193000000.0,3.06
LIN,2022-12-31,7899000000.0,2.67
LIN,2022-09-30,8797000000.0,2.54
LIN,2022-06-30,8457000000.0,0.74
KIM,2023-06-30,442840000.0,0.16
KIM,2023-03-31,442892000.0,0.46
KIM,2022-12-31,439834000.0,-0.09
KIM,2022-09-30,433403000.0,0.08
KIM,2022-06-30,427198000.0,-0.21
O,2023-03-31,944399000.0,0.34
O,2022-12-31,888650000.0,0.36
O,2022-09-30,837269000.0,0.36
O,2022-06-30,810419000.0,0.37
ESS,2023-06-30,416043000.0,1.55
ESS,2023-03-31,412421000.0,2.38
ESS,2022-12-31,415183000.0,2.86
ESS,2022-09-30,409748000.0,1.43
ESS,2022-06-30,399978000.0,0.87
PLD,2023-06-30,2450971000.0,1.31
PLD,2023-03-31,1768587000.0,0.5
PLD,2022-12-31,1751592000.0,0.63
PLD,2022-09-30,1750892000.0,1.36
PLD,2022-06-30,1252080000.0,0.82
HST,2023-03-31,1381000000.0,0.4
HST,2022-12-31,1263000000.0,0.2
HST,2022-09-30,1189000000.0,0.16
HST,2022-06-30,1381000000.0,0.36
PSA,2023-03-31,1094232000.0,2.65
PSA,2022-12-31,1088542000.0,2.06
PSA,2022-09-30,1088131000.0,15.38
PSA,2022-06-30,1032045000.0,3.42
VTR,2023-03-31,1077245000.0,0.04
VTR,2022-12-31,1051425000.0,-0.11
VTR,2022-09-30,1037276000.0,0.01
VTR,2022-06-30,1022938000.0,-0.11
BXP,2023-03-31,803200000.0,0.5
BXP,2022-12-31,789824000.0,0.78
BXP,2022-09-30,790523000.0,2.29
BXP,2022-06-30,773927000.0,1.42
SPG,2023-03-31,1350849000.0,1.38
SPG,2022-12-31,1399898000.0,2.06
SPG,2022-09-30,1315786000.0,1.65
SPG,2022-06-30,1279842000.0,1.51
REG,2023-03-31,317977000.0,0.57
REG,2022-12-31,314517000.0,0.558206
REG,2022-09-30,303989000.0,0.51
REG,2022-06-30,302083000.0,0.61
SBAC,2023-03-31,675516000.0,0.93
SBAC,2022-12-31,686094000.0,0.94
SBAC,2022-09-30,675584000.0,0.91
SBAC,2022-06-30,652006000.0,0.64
CPT,2023-03-31,378163000.0,0.39
CPT,2022-12-31,375909000.0,0.42
CPT,2022-09-30,373772000.0,0.27
CPT,2022-06-30,361716000.0,4.54
CCI,2023-06-30,1867000000.0,1.05
CCI,2023-03-31,1773000000.0,0.97
CCI,2022-12-31,1764000000.0,0.95
CCI,2022-09-30,1746000000.0,0.97
CCI,2022-06-30,1734000000.0,0.97
MAA,2023-06-30,535146000.0,1.24
MAA,2023-03-31,529033000.0,1.16
MAA,2022-12-31,527965000.0,1.67
MAA,2022-09-30,520783000.0,1.05
MAA,2022-06-30,495040000.0,1.82
PEAK,2023-06-30,545430000.0,0.09
PEAK,2023-03-31,525678000.0,0.22
PEAK,2022-12-31,524468000.0,0.01
PEAK,2022-09-30,520406000.0,0.65
PEAK,2022-06-30,517932000.0,0.13
DLR,2023-06-30,1366267000.0,0.37
DLR,2023-03-31,1338723000.0,0.19
DLR,2022-12-31,1233106000.0,-0.02
DLR,2022-09-30,1192082000.0,0.75
DLR,2022-06-30,1139322000.0,0.19
VICI,2023-06-30,898158000.0,0.69
VICI,2023-03-31,877647000.0,0.52
VICI,2022-12-31,769906000.0,0.63
VICI,2022-09-30,751543000.0,0.34
VICI,2022-06-30,662623000.0,-0.06
AMT,2023-06-30,2771700000.0,1.02
AMT,2023-03-31,2767200000.0,0.72
AMT,2022-12-31,2705000000.0,-1.47
AMT,2022-09-30,2671500000.0,1.8
AMT,2022-06-30,2674300000.0,1.95
EXC,2023-03-31,5563000000.0,0.67
EXC,2022-12-31,4667000000.0,0.43
EXC,2022-09-30,4845000000.0,0.68
EXC,2022-06-30,4239000000.0,0.47
NRG,2023-03-31,7722000000.0,-5.82
NRG,2022-12-31,7855000000.0,
NRG,2022-09-30,8510000000.0,0.29
NRG,2022-06-30,7282000000.0,2.16
D,2023-03-31,5252000000.0,1.17
D,2022-12-31,4913000000.0,-0.07
D,2022-09-30,4386000000.0,0.91
D,2022-06-30,3596000000.0,-0.58
NEE,2023-06-30,7349000000.0,0.88
NEE,2023-03-31,6716000000.0,1.030927
NEE,2022-12-31,6164000000.0,0.763673
NEE,2022-09-30,6719000000.0,0.86
NEE,2022-06-30,5183000000.0,0.7
ETR,2023-03-31,2981059000.0,1.47
ETR,2022-12-31,3272500000.0,0.51
ETR,2022-09-30,4218615000.0,2.74
ETR,2022-06-30,3395196000.0,0.78
NI,2023-03-31,1966000000.0,0.71
NI,2022-12-31,1704600000.0,
NI,2022-09-30,1089500000.0,0.12
NI,2022-06-30,1183200000.0,0.12
AEP,2023-06-30,4372500000.0,1.01
AEP,2023-03-31,4690900000.0,0.77
AEP,2022-12-31,4881100000.0,
AEP,2022-09-30,5526100000.0,1.33
AEP,2022-06-30,4639700000.0,1.02
PPL,2023-03-31,2415000000.0,0.39
PPL,2022-12-31,2290000000.0,0.26
PPL,2022-09-30,2134000000.0,0.24
PPL,2022-06-30,1696000000.0,0.16
PCG,2023-06-30,5290000000.0,0.189808
PCG,2023-03-31,6209000000.0,0.27
PCG,2022-12-31,5370000000.0,
PCG,2022-09-30,5394000000.0,0.21
PCG,2022-06-30,5118000000.0,0.17
PNW,2023-03-31,944955000.0,-0.03
PNW,2022-12-31,1009314000.0,-0.21
PNW,2022-09-30,1469871000.0,2.88
PNW,2022-06-30,1061669000.0,1.45
AWK,2023-06-30,1097000000.0,1.44
AWK,2023-03-31,938000000.0,0.91
AWK,2022-12-31,931000000.0,0.81
AWK,2022-09-30,1082000000.0,1.63
AWK,2022-06-30,937000000.0,1.2
AEE,2023-03-31,2062000000.0,1.0
AEE,2022-12-31,2046000000.0,0.63
AEE,2022-09-30,2306000000.0,1.74
AEE,2022-06-30,1726000000.0,0.8
PEG,2023-03-31,3755000000.0,2.58
PEG,2022-12-31,3139000000.0,1.576
PEG,2022-09-30,2272000000.0,0.22
PEG,2022-06-30,2076000000.0,0.26
CNP,2023-06-30,1875000000.0,0.17
CNP,2023-03-31,2779000000.0,0.49
CNP,2022-12-31,2711000000.0,
CNP,2022-09-30,1903000000.0,0.3
CNP,2022-06-30,1944000000.0,0.28
FE,2023-03-31,3231000000.0,0.51
FE,2022-12-31,3177000000.0,
FE,2022-09-30,3475000000.0,0.58
FE,2022-06-30,2818000000.0,0.33
EIX,2023-06-30,3964000000.0,0.92
EIX,2023-03-31,3966000000.0,0.81
EIX,2022-12-31,4016000000.0,
EIX,2022-09-30,5228000000.0,-0.33
EIX,2022-06-30,4008000000.0,0.63
CMS,2023-06-30,1555000000.0,0.67
CMS,2023-03-31,2284000000.0,0.69
CMS,2022-12-31,2278000000.0,0.576725
CMS,2022-09-30,2024000000.0,0.56
CMS,2022-06-30,1920000000.0,0.5
SO,2023-03-31,6480000000.0,0.79
SO,2022-12-31,7047000000.0,-0.08
SO,2022-09-30,8378000000.0,1.35
SO,2022-06-30,7206000000.0,1.03
LNT,2023-03-31,1077000000.0,0.65
LNT,2022-12-31,1058000000.0,0.43
LNT,2022-09-30,1135000000.0,0.9
LNT,2022-06-30,943000000.0,0.63
AVB,2023-03-31,674708000.0,1.05
AVB,2022-12-31,669673000.0,1.72
AVB,2022-09-30,665288000.0,3.53
AVB,2022-06-30,644559000.0,0.99
UDR,2023-06-30,404548000.0,1.05
UDR,2023-03-31,399549000.0,0.09
UDR,2022-12-31,399656000.0,0.13
UDR,2022-09-30,391297000.0,0.07
UDR,2022-06-30,369167000.0,0.01
SRE,2023-03-31,6560000000.0,3.07
SRE,2022-12-31,3455000000.0,1.39
SRE,2022-09-30,3617000000.0,1.53
SRE,2022-06-30,3547000000.0,1.77
